@book{montagnini2005tropical,
  title={Tropical forest ecology: the basis for conservation and management},
  author={Montagnini, Florencia and Jordan, Carl F and others},
  year={2005},
  publisher={Springer Science \& Business Media}
}
